@book{yang2006computational,
  title={Computational molecular evolution},
  author={Yang, Ziheng and others},
  volume={284},
  year={2006},
  publisher={Oxford University Press Oxford}
}

